%% Created using Papers on Fri, 20 Dec 2013.
%% http://papersapp.com/papers/

@inproceedings{Gaskin:2013hs,
author = {Gaskin, J and Apple, J and Chavis, K S and Dietz, K and Holt, M and Koehler, H and Lis, T and O'Connor, B and Otero, M R and Pryor, J and Ramsey, B and Rinehart-Dawson, M and Smith, L and Sobey, A and Wilson-Hodge, C and Christe, Steven and Cramer, A and Edgerton, M and Rodriguez, M and Shih, A and Gregory, D and Jasper, J and Bohon, S},
title = {{High Energy Replicated Optics to Explore the Sun: Hard X-ray balloon-borne telescope}},
booktitle = {Aerospace Conference, 2013 IEEE},
year = {2013},
pages = {1--11}
}

@article{2002ITIP...11.1209M,
author = {Moon, H and Chellappa, R and Rosenfeld, A},
title = {{Optimal edge-based shape detection}},
journal = {Image Processing, IEEE Transactions},
year = {2002},
volume = {11},
number = {11},
pages = {1209--1227},
month = nov
}

@article{Krucker:2008ia,
author = {Krucker, Sam and Hurford, G J and MacKinnon, A L and Shih, A Y and Lin, R P},
title = {{Coronal γ-Ray Bremsstrahlung from Solar Flare-accelerated Electrons}},
journal = {The Astrophysical Journal},
year = {2008},
volume = {678},
number = {1},
pages = {L63--L66},
month = apr
}

@article{2002SPIE.4496..140R,
author = {Ramsey, Brian D and Alexander, Cheryl D and Apple, Jeff A and Benson, C M and Dietz, Kurtis L and Elsner, Ronald F and Engelhaupt, Darell E and Ghosh, Kajal and Kolodziejczak, Jeffery J and O'Dell, Stephen L and Speegle, Chet O and Swartz, Douglas A and Weisskopf, Martin C},
title = {{HERO: program status and first images from a balloon-borne focusing hard x-ray telescope}},
journal = {Society of Photo-Optical Instrumentation Engineers (SPIE) Conference Series},
year = {2003},
volume = {4496},
pages = {140--145},
month = apr
}

@inproceedings{Christe:2013du,
author = {Christe, Steven and Shih, Albert and Rodriguez, Marcello and Cramer, Alex and Gregory, Kyle and Edgerton, Melissa and Gaskin, Jessica and Wilson-Hodge, Colleen and Apple, Jeff and Stevenson Chavis, Katherine and Jackson, Amanda and Smith, Leigh and Dietz, Kurt and O'Connor, Brian and Sobey, Alex and Koehler, Heather and Ramsey, Brian},
title = {{The high energy replicated optics to explore the sun mission: a hard x-ray balloon-borne telescope}},
booktitle = {SPIE Optical Engineering + Applications},
year = {2013},
editor = {Fineschi, Silvano and Fennelly, Judy},
pages = {886206--886206--13},
publisher = {SPIE},
month = sep
}

@inproceedings{Fairbrother:2013jf,
author = {Fairbrother, Debora A},
title = {{NASA Balloon Program Overview}},
booktitle = {AIAA Balloon Systems (BAL) Conference},
year = {2013},
publisher = {American Institute of Aeronautics and Astronautics},
address = {Reston, Virginia},
month = apr
}

@article{Lin:1976kq,
author = {Lin, R P and Hudson, H S},
title = {{Non-thermal processes in large solar flares}},
journal = {Solar Physics},
year = {1976},
volume = {50},
number = {1},
annote = {A{\&}amp;AA ID. AAA018.073.181}
}

@article{2013SPD....44..136C,
author = {Christe, Steven and Shih, A Y and Ireland, J and Perez-Suarez, D and Mumford, S and Hughitt, V K and Hewett, R and Mayer, F and Team, SunPy Dev},
title = {{A Community Python Library for Solar Physics (SunPy)}},
journal = {American Astronomical Society},
year = {2013},
volume = {44},
month = jul
}

@article{Bai:1978ec,
author = {Bai, T and Ramaty, R},
title = {{Backscatter, anisotropy, and polarization of solar hard X-rays}},
journal = {The Astrophysical Journal},
year = {1978},
volume = {219},
pages = {705},
month = jan,
annote = {A{\&}amp;AA ID. AAA021.076.001}
}

@article{Tomblin:1972gk,
author = {Tomblin, Fred F},
title = {{Compton Backscattering of Solar X-Ray Emission}},
journal = {The Astrophysical Journal},
year = {1972},
volume = {171},
pages = {377},
month = jan
}

@inproceedings{Shih:2012fe,
author = {Shih, Albert Y and Lin, Robert P and Hurford, Gordon J and Duncan, Nicole A and Saint-Hilaire, Pascal and Bain, Hazel M and Boggs, Steven E and Zoglauer, Andreas C and Smith, David M and Tajima, Hiroyasu and Amman, Mark S and Takahashi, Tadayuki},
title = {{The Gamma-Ray Imager/Polarimeter for Solar flares (GRIPS)}},
booktitle = {SPIE Astronomical Telescopes + Instrumentation},
year = {2012},
editor = {Takahashi, Tadayuki and Murray, Stephen S and den Herder, Jan-Willem A and Ueno, Shiro},
pages = {84434H--84434H--15},
publisher = {SPIE},
month = sep
}

@article{Fivian:2002eg,
author = {Fivian, M and Hemmeck, R and McHedlishvili, A and Zehnder, A},
title = {{RHESSI Aspect Reconstruction}},
journal = {Solar Physics},
year = {2002},
volume = {210},
number = {1/2},
pages = {87--99}
}

@article{2008HEAD...10.3106S,
author = {Swartz, Douglas A and Ramsey, B D and Tennant, A F and Dietz, K L and Apple, J A and Gaskin, J A and Weisskopf, M C},
title = {{Resolving the Crab Nebula with Direct Hard X-ray Imaging}},
journal = {American Astronomical Society},
year = {2008},
volume = {10},
month = mar
}

@article{Ramsey:2002ib,
author = {Ramsey, Brian D and Alexander, Cheryl D and Apple, Jeff A and Benson, Carl M and Dietz, Kurtis L and Elsner, Ronald F and Engelhaupt, Darell E and Ghosh, Kajal K and Kolodziejczak, Jeffery J and O'Dell, Stephen L and Speegle, Chet O and Swartz, Douglas A and Weisskopf, Martin C},
title = {{First Images from HERO, a Hard X‐Ray Focusing Telescope}},
journal = {The Astrophysical Journal},
year = {2002},
volume = {568},
number = {1},
pages = {432--435},
month = mar
}

@article{2009A&A...508.1443B,
author = {Bain, H M and Fletcher, L},
title = {{Hard X-ray emission from a flare-related jet}},
journal = {Astronomy and Astrophysics},
year = {2009},
volume = {508},
number = {3},
pages = {1443--1452},
month = dec
}

@article{Harrison:2013iq,
author = {Harrison, Fiona A and Craig, William W and Christensen, Finn E and Hailey, Charles J and Zhang, William W and Boggs, Steven E and Stern, Daniel and Cook, W Rick and Forster, Karl and Giommi, Paolo and Grefenstette, Brian W and Kim, Yunjin and Kitaguchi, Takao and Koglin, Jason E and Madsen, Kristin K and Mao, Peter H and Miyasaka, Hiromasa and Mori, Kaya and Perri, Matteo and Pivovaroff, Michael J and Puccetti, Simonetta and Rana, Vikram R and Westergaard, Niels J and Willis, Jason and Zoglauer, Andreas and An, Hongjun and Bachetti, Matteo and Barriere, Nicolas M and Bellm, Eric C and Bhalerao, Varun and Brejnholt, Nicolai F and Fuerst, Felix and Liebe, Carl C and Markwardt, Craig B and Nynka, Melania and Vogel, Julia K and Walton, Dominic J and Wik, Daniel R and Alexander, David M and Cominsky, Lynn R and Hornschemeier, Ann E and Hornstrup, Allan and Kaspi, Victoria M and Madejski, Greg M and Matt, Giorgio and Molendi, Silvano and Smith, David M and Tomsick, John A and Ajello, Marco and Ballantyne, David R and Balokovic, Mislav and Barret, Didier and Bauer, Franz E and Blandford, Roger D and Brandt, W Niel and Brenneman, Laura W and Chiang, James and Chakrabarty, Deepto and Chenevez, Jerome and Comastri, Andrea and Dufour, Francois and Elvis, Martin and Fabian, Andrew C and Farrah, Duncan and Fryer, Chris L and Gotthelf, Eric V and Grindlay, Jonathan E and Helfand, David J and Krivonos, Roman and Meier, David L and Miller, Jon M and Natalucci, Lorenzo and Ogle, Patrick and Ofek, Eran O and Ptak, Andrew and Reynolds, Stephen P and Rigby, Jane R and Tagliaferri, Gianpiero and Thorsett, Stephen E and Treister, Ezequiel and Urry, C Megan},
title = {{THE NUCLEAR SPECTROSCOPIC TELESCOPE ARRAY( NuSTAR) HIGH-ENERGY X-RAY MISSION}},
journal = {The Astrophysical Journal},
year = {2013},
volume = {770},
number = {2},
pages = {103},
month = may
}

@book{national2012Solar,
author = {{NRC}},
title = {{Solar and Space Physics: A Science for a Technological Society}},
publisher = {The National Academies Press},
year = {2012},
series = {Heliophysics Decadal Survey 2012},
month = aug
}

@inproceedings{Harrison:gu,
author = {Harrison, Fiona A and Boggs, Steve and Christensen, Finn and Craig, William and Hailey, Charles and Stern, Daniel and Zhang, William and Angelini, Lorella and An, Hongjun and Bhalereo, Varun and Brejnholt, Nicolai and Cominsky, Lynn and Cook, W Rick and Doll, Melania and Giommi, Paolo and Grefenstette, Brian and Hornstrup, Allan and Kaspi, Vicky and Kim, Yunjin and Kitaguchi, Takeo and Koglin, Jason and Liebe, Carl Christian and Madejski, Greg and Kruse Madsen, Kristin and Mao, Peter and Meier, David and Miyasaka, Hiromasa and Mori, Kaya and Perri, Matteo and Pivovaroff, Michael and Puccetti, Simonetta and Rana, Vikram and Zoglauer, Andreas},
title = {{The Nuclear Spectroscopic Telescope Array (NuSTAR)}},
booktitle = {Space Telescopes and Instrumentation 2010: Ultraviolet to Gamma Ray},
pages = {77320S--77320S--8},
publisher = {SPIE},
annote = {(c) 2010: American Institute of Physics}
}

@article{Lin2002zy,
author = {Lin, R P and Dennis, B R and Hurford, G J and Smith, D M and Zehnder, A and Harvey, P R and Curtis, D W and Pankow, D and Turin, P and Bester, M and Csillaghy, A and Lewis, M and Madden, N and van Beek, H F and Appleby, M and Raudorf, T and McTiernan, J and Ramaty, R and Schmahl, E and Schwartz, R and Krucker, S and Abiad, R and Quinn, T and Berg, P and Hashii, M and Sterling, R and Jackson, R and Pratt, R and Campbell, R D and Malone, D and Landis, D and Barrington-Leigh, C P and Slassi-Sennou, S and Cork, C and Clark, D and Amato, D and Orwig, L and Boyle, R and Banks, I S and Shirey, K and Tolbert, A K and Zarro, D and Snow, F and Thomsen, K and Henneck, R and McHedlishvili, A and Ming, P and Fivian, M and Jordan, John and Wanner, Richard and Crubb, Jerry and Preble, J and Matranga, M and Benz, A and Hudson, H and Canfield, R C and Holman, G D and Crannell, C and Kosugi, T and Emslie, A G and Vilmer, N and Brown, J C and Johns-Krull, C and Aschwanden, M and Metcalf, T and Conway, A},
title = {{THE REUVEN RAMATY HIGH-ENERGY SOLAR SPECTROSCOPIC IMAGER (RHESSI)}},
journal = {Solar Physics},
year = {2002},
volume = {210},
number = {1/2},
pages = {3--32}
}

@article{Kontar:2006fv,
author = {Kontar, E P and MacKinnon, A L and Schwartz, R A and Brown, J C},
title = {{Compton backscattered and primary X-rays from solar flares: angle dependent Green's function correction for photospheric albedo}},
journal = {Astronomy and Astrophysics},
year = {2006},
volume = {446},
number = {3},
pages = {1157--1163},
month = feb
}

@article{2010ApJ...724..487H,
author = {Hannah, I G and Hudson, H S and Hurford, G J and Lin, R P},
title = {{Constraining the Hard X-ray Properties of the Quiet Sun With New RHESSI Observations}},
journal = {The Astrophysical Journal},
year = {2010},
volume = {724},
number = {1},
pages = {487--492},
month = nov
}

@article{Kontar:2010fq,
author = {Kontar, E P and Jeffrey, N L S},
title = {{Positions and sizes of X-ray solar flare sources}},
journal = {Astronomy and Astrophysics},
year = {2010},
volume = {513},
pages = {L2},
month = apr
}

@article{2005JGRA..11011103E,
author = {Emslie, A G and Dennis, B R and Holman, G D and Hudson, H S},
title = {{Refinements to flare energy estimates: A followup to ``Energy partition in two solar flare/CME events'' by A. G. Emslie et al.}},
journal = {Journal of Geophysical Research},
year = {2005},
volume = {110},
number = {A11}
}

@article{2003SPIE.4851..631R,
author = {Ramsey, Brian D and Elsner, Ronald F and Engelhaupt, Darell E and O'Dell, Stephen L and Speegle, Chet O and Weisskopf, Martin C},
title = {{Development of hard x-ray optics at MSFC}},
journal = {X-Ray and Gamma-Ray Telescopes and Instruments for Astronomy. Edited by Joachim E. Truemper},
year = {2003},
volume = {4851},
pages = {631--638},
month = mar
}

@article{Santangelo:1973kn,
author = {Santangelo, N and Horstman, H and Horstman-Moretti, E},
title = {{The solar albedo of hard X-ray flares}},
journal = {Solar Physics},
year = {1973},
volume = {29},
number = {1},
pages = {143--148},
month = mar
}

@article{Krucker:2010fj,
author = {Krucker, Sam and Hudson, H S and Glesener, L and White, S M and Masuda, S and Wuelser, J-P and Lin, R P},
title = {{Measurements of the Coronal Acceleration Region of a Solar Flare}},
journal = {The Astrophysical Journal},
year = {2010},
volume = {714},
number = {2},
pages = {1108--1119},
month = apr
}

@inproceedings{OConnor:2013cp,
author = {O'Connor, Brian F},
title = {{Thermal Control of the Balloon-Borne Telescope HEROES}},
booktitle = {43rd International Conference on Environmental Systems},
year = {2013},
publisher = {American Institute of Aeronautics and Astronautics},
address = {Reston, Virginia},
month = jul
}

@article{Kontar:2008et,
author = {Kontar, E P and Hannah, I G and MacKinnon, A L},
title = {{Chromospheric magnetic field and density structure measurements using hard X-rays in a flaring coronal loop}},
journal = {Astronomy and Astrophysics},
year = {2008},
volume = {489},
number = {3},
pages = {L57--L60},
month = oct
}

@webpage{NASA:JX7BjMmM,
author = {{NASA}},
title = {{Wallops Arc Second Pointer (WASP) (http://sites.wff.nasa.gov/code820/WASP.html)}},
url = {http://sites.wff.nasa.gov/code820/WASP.html}
}

@article{2009NIMPA.604...34J,
author = {Jones, Lawrence and Seller, Paul and Wilson, Matthew and Hardie, Alec},
title = {{HEXITEC ASIC---a pixellated readout chip for CZT detectors}},
journal = {Nuclear Instruments and Methods in Physics Research Section A},
year = {2009},
volume = {604},
number = {1},
pages = {34--37},
month = jun
}

@article{Krucker:1997fw,
author = {Krucker, Sam and Benz, Arnold O and Bastian, T S and Acton, Loren W},
title = {{X‐Ray Network Flares of the Quiet Sun}},
journal = {The Astrophysical Journal},
year = {1997},
volume = {488},
number = {1},
pages = {499--505},
month = oct
}

@article{Krucker:2009kn,
author = {Krucker, Sam and Christe, Steven and Glesener, Lindsay and Mcbride, Steve and Turin, Paul and Glaser, David and Saint-Hilaire, Pascal and Delory, Gregory and Lin, R P and Gubarev, Mikhail},
title = {{The focusing optics X-ray solar imager (FOXSI)}},
journal = {Society of Photo-Optical Instrumentation Engineers (SPIE) Conference Series},
year = {2009},
volume = {7437},
pages = {743705--743705--10}
}

@article{Ramsey:2006jo,
author = {Ramsey, Brian D},
title = {{Replicated Nickel Optics for the Hard-X-Ray Region}},
journal = {Exp. Astron},
year = {2006},
volume = {20},
number = {1-3},
pages = {85--92},
month = jul
}

